<?xml version="1.0" encoding="UTF-8"?><collection xmlns="http://www.loc.gov/MARC21/slim"><record><leader>00611nam--2200169-i-4500</leader><controlfield tag="001">000024398</controlfield><controlfield tag="002">20161230</controlfield><controlfield tag="005">20161230201035</controlfield><controlfield tag="008">060222s1000------------r-----000-0-eng-d</controlfield><datafield ind1=" " ind2=" " tag="040"><subfield code="a">IFIN-HH</subfield></datafield><datafield ind1=" " ind2=" " tag="080"><subfield code="a">537.58(061.3)</subfield></datafield><datafield ind1="1" ind2=" " tag="110"><subfield code="a">The Institute Of Electrical And Electronics Engineers</subfield></datafield><datafield ind1="1" ind2="0" tag="245"><subfield code="a">Ieee conference record of 1968 thermionic conversion specialist conference, october 21-23, 1968</subfield><subfield code="b">Papers presented at the seventh annual conference framingham, massachusetts. october 21-23, 1968</subfield></datafield><datafield ind1=" " ind2=" " tag="260"><subfield code="a">New York</subfield><subfield code="b">Ieee</subfield><subfield code="c">1968</subfield></datafield><datafield ind1=" " ind2=" " tag="300"><subfield code="a">V+349P</subfield></datafield><datafield ind1=" " ind2=" " tag="852"><subfield code="a">77214</subfield><subfield code="c">537.52</subfield></datafield><datafield ind1=" " ind2=" " tag="CAT"><subfield code="a">Sys</subfield><subfield code="c">20110805</subfield><subfield code="h">091701</subfield></datafield></record></collection>